@article{khutaleelectronic,
  title={Electronic Waste Management},
  author={Khutale, Er Yash P and Yadav, Subhash B and Awati, Er Rohan V and Awati, Vijay B}
}
@article{ouma2013learning,
  title={E-Learning Readiness in Public Secondary Schools in Kenya.},
  author={Ouma, Gordon O and Awuor, Fredrick M and Kyambo, Benjamin},
  journal={European Journal of Open, Distance and E-learning},
  volume={16},
  number={2},
  pages={97--110},
  year={2013},
  publisher={ERIC}
}
@article{arya2020bioleaching,
  title={Bioleaching: urban mining option to curb the menace of E-waste challenge},
  author={Arya, Shashi and Kumar, Sunil},
  journal={Bioengineered},
  volume={11},
  number={1},
  pages={640--660},
  year={2020},
  publisher={Taylor \& Francis}
}
@article{songa2015health,
  title={The Health Risk of Electronic Waste in Kenya: Challenges and Policies},
  author={Songa, Jackson and Lubanga, Billy},
  journal={pinnacle medicine and medical sciences},
  year={2015}
}
@article{maimba2020computer,
  title={Computer E-Waste Disposal Management Approaches and Their Implications on Human Health and The Environment in Nairobi City County, Kenya},
  author={Maimba, Margaret W},
  journal={AFRICA HABITAT REVIEW},
  volume={14},
  number={2},
  pages={1843--1856},
  year={2020}
}
@phdthesis{rithaa2013strategies,
  title={Strategies Adopted By National Environment Management Authority To Enhance Compliance Of Environmental Regulations In Kenya},
  author={Rithaa, Dennis M},
  year={2013},
  school={University of Nairobi}
}
@article{shaikh2020cost,
  title={A cost-benefit analysis of the downstream impacts of e-waste recycling in Pakistan},
  author={Shaikh, Salsabil and Thomas, Keith and Zuhair, Segu and Magalini, Federico},
  journal={Waste Management},
  volume={118},
  pages={302--312},
  year={2020},
  publisher={Elsevier}
}
@article{walls2011deposit,
  title={Deposit-refund systems in practice and theory},
  author={Walls, Margaret},
  journal={Resources for the future discussion paper},
  number={11-47},
  year={2011}
}
@misc{hassett1994hazardous,
  title={Hazardous waste transport management system},
  author={Hassett, John J},
  year={1994},
  month=sep # "~13",
  publisher={Google Patents},
  note={US Patent 5,347,274}
}
@article{cholewa2016waste,
  title={The e-waste management system in Poland},
  author={Cholewa, Marcin and Kulczycka, Joanna and Smol, Marzena},
  journal={Economic and Environmental Studies},
  volume={16},
  number={4},
  pages={40},
  year={2016},
  publisher={Uniwersytet Opolski, Wydzia{\l} Ekonomiczny}
}
@article{robinson2009waste,
  title={E-waste: an assessment of global production and environmental impacts},
  author={Robinson, Brett H},
  journal={Science of the total environment},
  volume={408},
  number={2},
  pages={183--191},
  year={2009},
  publisher={Elsevier}
}
@article{stenvall2013analysis,
  title={An analysis of the composition and metal contamination of plastics from waste electrical and electronic equipment (WEEE)},
  author={Stenvall, Erik and Tostar, Sandra and Boldizar, Antal and Foreman, Mark R StJ and M{\"o}ller, Kenneth},
  journal={Waste management},
  volume={33},
  number={4},
  pages={915--922},
  year={2013},
  publisher={Elsevier}
}